<?xml version="1.0" encoding="utf-8"?>
<record xmlns="http://www.loc.gov/MARC21/slim" xmlns:xsi="http://www.w3.org/2001/XMLSchema-instance" xsi:schemaLocation="http://www.loc.gov/MARC21/slim http://www.loc.gov/standards/marcxml/schema/MARC21slim.xsd">
	<leader>
		02919nam a2200445   4500
	</leader>
	<controlfield tag="001">
		002772033
	</controlfield>
	<controlfield tag="003">
		NNU
	</controlfield>
	<controlfield tag="006">
		m        d        
	</controlfield>
	<controlfield tag="007">
		cr cn |||m|||a
	</controlfield>
	<controlfield tag="008">
		160113m19839999ir      ob    001 0 ara d
	</controlfield>
	<datafield ind1=" " ind2=" " tag="040">
		<subfield code="a">
			NNU
		</subfield>
		<subfield code="b">
			eng
		</subfield>
		<subfield code="c">
			NNU
		</subfield>
	</datafield>
	<datafield ind1=" " ind2=" " tag="066">
		<subfield code="c">
			(3
		</subfield>
	</datafield>
	<datafield ind1=" " ind2=" " tag="090">
		<subfield code="a">
			BP194
		</subfield>
		<subfield code="b">
			.S5 1983
		</subfield>
	</datafield>
	<datafield ind1="1" ind2=" " tag="100">
		<subfield code="6">
			880-01
		</subfield>
		<subfield code="a">
			Shustarī, Nūr-Allāh al-Ḥusaynī,
		</subfield>
		<subfield code="d">
			d. 1610.
		</subfield>
	</datafield>
	<datafield ind1="1" ind2="0" tag="245">
		<subfield code="6">
			880-02
		</subfield>
		<subfield code="a">
			Iḥqāq al-ḥaqq wa-izhāq al-bāṭil
		</subfield>
		<subfield code="h">
			[electronic resource] /
		</subfield>
		<subfield code="c">
			taʼlīf Nūr Allāh al-Ḥusaynī al-Marʻashī al-Tustarī ; maʻa taʻlīqāt nafīsah hāmmah bi-qalam Shihāb al-Dīn al-Najafī.
		</subfield>
	</datafield>
	<datafield ind1=" " ind2=" " tag="260">
		<subfield code="6">
			880-03
		</subfield>
		<subfield code="a">
			Qum :
		</subfield>
		<subfield code="b">
			Maktabat Āyat Allāh al-ʻUẓmá al-Marʻashī al-Najafī,
		</subfield>
		<subfield code="c">
			[1983?- ]
		</subfield>
	</datafield>
	<datafield ind1=" " ind2=" " tag="300">
		<subfield code="a">
			online resource (v.) :
		</subfield>
		<subfield code="b">
			ill.
		</subfield>
	</datafield>
	<datafield ind1=" " ind2=" " tag="500">
		<subfield code="a">
			Vols. 20-21, 23, 25-26 have title: Mulḥaqāt al-iḥqāq.
		</subfield>
	</datafield>
	<datafield ind1=" " ind2=" " tag="500">
		<subfield code="a">
			Vol. 24 has title: Fihris Mulḥaqāt al-Iḥqāq al-ḥaqq.
		</subfield>
	</datafield>
	<datafield ind1=" " ind2=" " tag="500">
		<subfield code="a">
			Includes index.
		</subfield>
	</datafield>
	<datafield ind1=" " ind2=" " tag="500">
		<subfield code="a">
			Reprint. Originally published:1957.
		</subfield>
	</datafield>
	<datafield ind1=" " ind2=" " tag="500">
		<subfield code="a">
			Part of the Arabic Collections Online (ACO) project, contributed by New York Univeristy Libraries.
		</subfield>
	</datafield>
	<datafield ind1=" " ind2=" " tag="504">
		<subfield code="a">
			Bibliography: v. 1, p. [1]-10 (1st group); v. 4, p. 4-44.
		</subfield>
	</datafield>
	<datafield ind1=" " ind2=" " tag="533">
		<subfield code="a">
			Electronic reproduction.
		</subfield>
		<subfield code="b">
			New York, N.Y. :
		</subfield>
		<subfield code="c">
			New York University,
		</subfield>
		<subfield code="d">
			2016.
		</subfield>
		<subfield code="5">
			NNU
		</subfield>
	</datafield>
	<datafield ind1=" " ind2="0" tag="650">
		<subfield code="a">
			Shiites
		</subfield>
		<subfield code="v">
			Early works to 1800.
		</subfield>
	</datafield>
	<datafield ind1="1" ind2=" " tag="700">
		<subfield code="6">
			880-04
		</subfield>
		<subfield code="a">
			Marʻashī Najafī, Shihāb al-Dīn.
		</subfield>
	</datafield>
	<datafield ind1="2" ind2=" " tag="710">
		<subfield code="a">
			New York University.
		</subfield>
		<subfield code="b">
			Libraries.
		</subfield>
	</datafield>
	<datafield ind1="0" ind2=" " tag="730">
		<subfield code="a">
			Arabic Collections Online.
		</subfield>
	</datafield>
	<datafield ind1="0" ind2=" " tag="740">
		<subfield code="6">
			880-05
		</subfield>
		<subfield code="a">
			Mulḥaqāt al-iḥqāq.
		</subfield>
	</datafield>
	<datafield ind1="0" ind2=" " tag="740">
		<subfield code="6">
			880-06
		</subfield>
		<subfield code="a">
			Fihris Mulḥaqāt Iḥqāq al-ḥaqq.
		</subfield>
	</datafield>
	<datafield ind1="0" ind2="8" tag="776">
		<subfield code="i">
			Print version:
		</subfield>
		<subfield code="a">
			Shustarī, Nūr-Allāh al-Ḥusaynī, d. 1610.
		</subfield>
		<subfield code="t">
			Iḥqāq al-ḥaqq wa-izhāq al-bāṭil
		</subfield>
		<subfield code="w">
			(NNU)002772033
		</subfield>
	</datafield>
	<datafield ind1="4" ind2="0" tag="856">
		<subfield code="u">
			http://hdl.handle.net/2333.1/hx3fff0d
		</subfield>
	</datafield>
	<datafield ind1="1" ind2=" " tag="880">
		<subfield code="6">
			100-01/
		</subfield>
		<subfield code="a">
			تسترى، نور الله الحسينى.
		</subfield>
	</datafield>
	<datafield ind1="1" ind2="0" tag="880">
		<subfield code="6">
			245-02/
		</subfield>
		<subfield code="a">
			احقاق الحق وازهاق الباطل /
		</subfield>
		<subfield code="c">
			تأليف نور الله الحسينى المرعشى التسترى ؛ مع تعليقات نفيسة هامة بقلم شهاب الدين النجفى.
		</subfield>
	</datafield>
	<datafield ind1=" " ind2=" " tag="880">
		<subfield code="6">
			260-03/
		</subfield>
		<subfield code="a">
			قم :
		</subfield>
		<subfield code="b">
			مكتبة آية الله االعظمى المرعشى النجفى،
		</subfield>
		<subfield code="c">
			[1983?- ]
		</subfield>
	</datafield>
	<datafield ind1="1" ind2=" " tag="880">
		<subfield code="6">
			700-04/
		</subfield>
		<subfield code="a">
			نجفى، شهاب الدين.
		</subfield>
	</datafield>
	<datafield ind1="0" ind2=" " tag="880">
		<subfield code="6">
			740-05/
		</subfield>
		<subfield code="a">
			ملحقات الاحقاق.
		</subfield>
	</datafield>
	<datafield ind1="0" ind2=" " tag="880">
		<subfield code="6">
			740-06/
		</subfield>
		<subfield code="a">
			فهرس ملحقات احقاق الحق.
		</subfield>
	</datafield>
	<datafield ind1=" " ind2=" " tag="959">
		<subfield code="a">
			NNU
		</subfield>
		<subfield code="b">
			WEB
		</subfield>
		<subfield code="c">
			GENI
		</subfield>
		<subfield code="t">
			0
		</subfield>
		<subfield code="m">
			Electronic access
		</subfield>
		<subfield code="s">
			01
		</subfield>
	</datafield>
	<datafield ind1=" " ind2=" " tag="999">
		<subfield code="i">
			NNU_002772033
		</subfield>
		<subfield code="s">
			nyu_aco000957:v.1
		</subfield>
		<subfield code="s">
			nyu_aco000958:v.2
		</subfield>
		<subfield code="s">
			nyu_aco000959:v.3
		</subfield>
		<subfield code="s">
			nyu_aco000960:v.4
		</subfield>
		<subfield code="s">
			nyu_aco000961:v.5
		</subfield>
		<subfield code="s">
			nyu_aco000962:v.6
		</subfield>
		<subfield code="s">
			nyu_aco000963:v.7
		</subfield>
		<subfield code="s">
			nyu_aco000964:v.8
		</subfield>
		<subfield code="s">
			nyu_aco000965:v.9
		</subfield>
		<subfield code="s">
			nyu_aco000966:v.10
		</subfield>
		<subfield code="s">
			nyu_aco000967:v.11
		</subfield>
		<subfield code="s">
			nyu_aco000968:v.12
		</subfield>
		<subfield code="s">
			nyu_aco000969:v.13
		</subfield>
		<subfield code="s">
			nyu_aco000970:v.14
		</subfield>
		<subfield code="s">
			nyu_aco000971:v.15
		</subfield>
		<subfield code="s">
			nyu_aco000972:v.16
		</subfield>
		<subfield code="s">
			nyu_aco000973:v.17
		</subfield>
		<subfield code="s">
			nyu_aco000974:v.18
		</subfield>
		<subfield code="s">
			nyu_aco000975:v.19
		</subfield>
		<subfield code="s">
			nyu_aco000976:v.20
		</subfield>
		<subfield code="s">
			nyu_aco000977:v.21
		</subfield>
		<subfield code="s">
			nyu_aco000978:v.22
		</subfield>
		<subfield code="s">
			nyu_aco000979:v.23
		</subfield>
		<subfield code="s">
			nyu_aco000980:v.24
		</subfield>
		<subfield code="s">
			nyu_aco000981:v.25
		</subfield>
		<subfield code="s">
			nyu_aco000982:v.26
		</subfield>
	</datafield>
</record>
